<?xml version="1.0" encoding="UTF-8"?><collection xmlns="http://www.loc.gov/MARC21/slim"><record><leader>00529nam--2200145-i-4500</leader><controlfield tag="001">000045199</controlfield><controlfield tag="002">20161230</controlfield><controlfield tag="005">20161230201044</controlfield><controlfield tag="008">060222s1000------------r-----000-0-eng-d</controlfield><datafield ind1="1" ind2=" " tag="100"><subfield code="a">Aronszajn, N. (Ed.)</subfield></datafield><datafield ind1="1" ind2="0" tag="245"><subfield code="a">Transactions of the symposium on partial differential equations held at the univ.of california at berkeley, june 20-july 1, 1955</subfield><subfield code="c">Douglas, A. ; Morrey, C.B. Jr</subfield></datafield><datafield ind1=" " ind2=" " tag="260"><subfield code="a">New York, Interscience Publ., 1956, Vi+334p</subfield></datafield><datafield ind1=" " ind2=" " tag="490"><subfield code="a">Office Of Naval Research</subfield></datafield><datafield ind1=" " ind2=" " tag="852"><subfield code="a">12870</subfield><subfield code="c">517.9</subfield></datafield><datafield ind1=" " ind2=" " tag="CAT"><subfield code="a">Sys</subfield><subfield code="c">20080930</subfield><subfield code="h">111022</subfield></datafield></record></collection>